@inproceedings{perazzi2012,
	author = {Perazzi, Federico and Krahenbuhl, Philipp and Pritch, Yael and Hornung, Alexander},
	booktitle = {{Computer Vision and Pattern Recognition (CVPR), 2012 IEEE Conference on}},
	organization = {IEEE},
	pages = {733--740},
	title = {{Saliency filters: Contrast based filtering for salient region detection}},
	url = {http://ieeexplore.ieee.org/xpls/abs_all.jsp?arnumber=6247743; http://www.cs.huji.ac.il/~peleg/CVPR2012/data/papers/093_P1B-40.pdf},
	x-fetchedfrom = {Google Scholar},
	year = {2012}
}

@article{itti2001,
	author = {Itti, Laurent and Koch, Christof},
	journal = {Nature reviews neuroscience},
	number = {3},
	pages = {194--203},
	publisher = {Nature Publishing Group},
	title = {{Computational modelling of visual attention}},
	url = {http://www.nature.com/nrn/journal/v2/n3/abs/nrn0301_194a.html; http://papers.klab.caltech.edu/83/1/391.pdf},
	volume = {2},
	x-fetchedfrom = {Google Scholar},
	year = {2001}
}

@inproceedings{hou2007,
	author = {Hou, Xiaodi and Zhang, Liqing},
	booktitle = {{Computer Vision and Pattern Recognition, 2007. CVPR'07. IEEE Conference on}},
	organization = {IEEE},
	pages = {1--8},
	title = {{Saliency detection: A spectral residual approach}},
	url = {http://ieeexplore.ieee.org/xpls/abs_all.jsp?arnumber=4270292; http://www.klab.caltech.edu/~xhou/papers/cvpr07.pdf},
	x-fetchedfrom = {Google Scholar},
	year = {2007}
}

@article{reinagel1999,
	author = {Reinagel, Pamela and Zador, Anthony M},
	journal = {Network: Computation in Neural Systems},
	number = {4},
	pages = {341--350},
	publisher = {Informa UK Ltd UK},
	title = {{Natural scene statistics at the centre of gaze}},
	url = {http://informahealthcare.com/doi/abs/10.1088/0954-898X_10_4_304; http://jackknife.med.yale.edu/nsci590/pdfs/reinagel1999.pdf},
	volume = {10},
	x-fetchedfrom = {Google Scholar},
	year = {1999}
}

@incollection{koch1987,
	author = {Koch, Christof and Ullman, Shimon},
	booktitle = {{Matters of Intelligence}},
	pages = {115--141},
	publisher = {Springer},
	title = {{Shifts in selective visual attention: towards the underlying neural circuitry}},
	url = {http://link.springer.com/chapter/10.1007/978-94-009-3833-5_5; http://codatest4.library.caltech.edu/98/1/200.pdf},
	x-fetchedfrom = {Google Scholar},
	year = {1987}
}

@article{klein2008,
	author = {Klein, R. M. and Ivanoff, J.},
	journal = Scholarpedia,
	note = {{revision \#90806}},
	number = 10,
	pages = 3650,
	title = {{{I}nhibition of return}},
	volume = 3,
	year = 2008
}

@article{klein2000,
	author = {Klein, Raymond M},
	journal = {Trends in cognitive sciences},
	number = {4},
	pages = {138--147},
	publisher = {Elsevier},
	title = {{Inhibition of return}},
	url = {http://www.sciencedirect.com/science/article/pii/S1364661300014522; http://www.psyc.nott.ac.uk/staff/jas/yr1pracs/klein_InhibReturn_TICS2000.pdf},
	volume = {4},
	x-fetchedfrom = {Google Scholar},
	year = {2000}
}

@article{kruger2013,
	author = {Kr\"{u}ger, Norbert and Janssen, Peter and Kalkan, Sinan and Lappe, Markus and Leonardis, Ales and Piater, Justus and Rodriguez-Sanchez, Antonio Jose and Wiskott, Laurenz},
	journal = {Pattern Analysis and Machine Intelligence, IEEE Transactions on},
	number = {8},
	pages = {1847--1871},
	publisher = {IEEE},
	title = {{Deep hierarchies in the primate visual cortex: What can we learn for computer vision?}},
	url = {http://ieeexplore.ieee.org/xpls/abs_all.jsp?arnumber=6389683; http://www.kovan.ceng.metu.edu.tr/~sinan/publications/Kruger-2013-TPAMI.pdf},
	volume = {35},
	x-fetchedfrom = {Google Scholar},
	year = {2013}
}

